2878 5398
711 379 712 384 ‘
766 418 839 490 mo

297 635 393 708 5398
445 638 585 732 Gaspari
611 640 653 712 de
678 641 842 714 Caldrinis
870 645 1090 715 Decretornm
1116 639 1274 713 Doctoris
1297 642 1362 711 Re·

246 775 365 869 petitio
387 776 429 852 de
441 780 790 853 excommunicatione
804 791 837 853 et
849 781 1063 854 absolutione
1076 781 1160 876 ejus·
1199 778 1364 876 (Primum

246 916 362 989 folium
390 917 512 1009 desid).

418 1085 465 1130 =
489 1060 658 1132 Francisci
696 1061 737 1132 de
762 1062 945 1134 Garabollis
970 1060 1126 1156 repetitio
1152 1083 1254 1155 snper
1281 1061 1364 1155 Cap.

492 1201 735 1295 Perpendimus,
759 1203 801 1276 de
815 1203 979 1278 sententia
993 1202 1364 1274 excommunicationis.

420 1362 466 1408 =
491 1340 625 1413 Antaldi
663 1342 703 1415 de
742 1344 892 1418 Antaldis
930 1344 1086 1439 repetitio
1126 1367 1228 1438 super
1265 1345 1366 1416 Debet

490 1479 523 1551 in
563 1483 644 1577 Cap.
687 1488 833 1572 Qualiter
870 1497 902 1558 et
945 1489 1103 1574 Quaado,
1143 1485 1184 1556 de
1218 1507 1365 1558 accusa-

489 1623 648 1695 tionibus.
698 1627 872 1698 Bononiae
897 1627 931 1698 in
958 1627 1080 1698 scholis
1107 1625 1277 1720 publicata
1303 1649 1362 1696 seu

491 1764 628 1835 recitata
651 1766 751 1836 Anno
777 1766 912 1837 Domini
942 1767 1045 1838 toea.
1071 1767 1149 1838 XVI
1167 1765 1222 1836 die
1239 1765 1364 1836 mensis

488 1903 706 1998 Septembris.

414 2074 460 2117 =
487 2046 669 2132 Quaestio,
711 2048 879 2141 disputata
918 2047 1054 2121 Paduae
1093 2071 1154 2141 per
1192 2048 1365 2142 egregium
1423 2134 1424 2150 χ

486 2188 572 2283 juris
592 2189 754 2261 Canonici
768 2193 950 2261 Doctorem
966 2186 1146 2260 Dominum
1159 2187 1311 2260 lacobus
1326 2189 1365 2259 de

491 2329 608 2400 Soohis
636 2331 677 2401 de
700 2331 855 2404 Ferraria
878 2332 913 2403 in
931 2352 1032 2402 causa
1051 2329 1195 2425 quadam
1211 2329 1362 2401 Feudali.

492 2466 542 2563 (ln
567 2471 632 2542 fine
657 2472 822 2566 quaedam
849 2471 993 2570 desunt).

295 2606 390 2677 5309
440 2610 484 2680 M.
494 2611 580 2680 Ann·
590 2613 716 2684 Lucani
726 2611 953 2684 Cordubensis
962 2611 1163 2684 Pharsaliae.
1172 2613 1312 2684 Memor.
1331 2613 1362 2680 d.

295 2747 390 2817 5d00
442 2749 580 2823 Extraot
597 2750 647 2821 uit
666 2751 723 2823 het
744 2753 836 2824 Boelr
850 2752 910 2824 der
922 2752 1070 2824 Historia
1084 2774 1148 2824 van
1163 2752 1362 2841 Overijssel‚

243 2888 400 2981 gemaakt
426 2890 512 2962 door
526 2891 629 2964 Wilh.
644 2894 674 2963 N
677 2891 780 2987 ag'ge,
806 2895 927 2965 Pastor
941 2903 992 2964 tot
1004 2893 1140 2965 Twello.
1152 2891 1213 2964 Vll
1225 2893 1308 2964 Vol.
1329 2895 1361 2964 d.

296 3029 386 3098 5001
442 3033 507 3102 Dat
539 3032 678 3126 geheele
711 3034 900 3129 Dyokrecht
930 3057 993 3106 van
1019 3019 1270 3106 Mastonbroick
1296 3042 1363 3104 met

245 3168 308 3239 alle
346 3170 445 3242 olden
485 3174 527 3242 eri
564 3196 651 3269 nyen
687 3175 928 3247 overdraohten
963 3175 1101 3268 daertoe
1134 3174 1361 3246 behoerende.

245 3309 326 3380 Seer
349 3310 474 3400 vlijtioh
500 3323 556 3383 toe
583 3316 1299 3410 sacmenghebraehtgesereveano1567.
1326 3319 1358 3387 d.
1424 3265 1425 3348 i

295 3451 390 3521 dd02
438 3452 639 3527 Adversaria
663 3458 726 3528 viri
751 3459 828 3530 clar.
855 3457 1017 3530 Everardi
1044 3456 1297 3541 Bronclihorst,
1325 3459 1358 3528 in

244 3589 413 3662 academia
437 3592 602 3688 Leydensi
622 3597 707 3691 juris
733 3599 944 3694 professoris.
994 3594 1028 3664 4·

205 3743 207 3750 ’
294 3730 388 3801 5003
439 3733 477 3800 Ρ.
502 3735 668 3820 Bosscha‚
703 3738 865 3833 lnleiding
891 3749 942 3810 tot
968 3738 1009 3808 de
1035 3735 1273 3810 Geschiedenis
1302 3738 1359 3809 der

243 3867 451 3964 Vereenigde
477 3873 721 3948 Nederlanden.
771 3877 804 3950 4.

628 4203 975 4247 —W-
