2886 5402
345 1240 967 1346 PRAEFATIO.

149 2063 275 2135 Tertiae
303 2061 376 2155 jorn
412 2063 448 2133 in
487 2063 588 2133 iucem
621 2061 795 2154 prodeunti
837 2057 933 2153 injus
957 2061 1100 2154 catalopi
1123 2063 1217 2157 parti

91 2225 193 2274 suam
220 2225 283 2276 esse
303 2203 517 2298 praefationis
542 2202 808 2296 opportunitatem
828 2202 925 2295 laciie
952 2217 1095 2295 apparet

145 2344 292 2427 Etenim,
319 2367 417 2438 quum
428 2343 732 2436 mihicontinperet‚
758 2366 845 2414 anno
858 2343 947 2414 {864
961 2344 1211 2437 secundaepar·

95 2485 137 2557 tr's
164 2507 281 2557 curare
306 2485 493 2566 editiones,
518 2506 589 2554 earn
612 2483 696 2554 inter
721 2497 750 2555 et
771 2483 915 2576 priorem
944 2483 1062 2555 editam
1088 2499 1213 2576 partem

94 2625 302 2697 interuallum
328 2629 439 2717 (uerat
462 2623 511 2696 at
536 2645 709 2696 annorum.
748 2621 845 2716 Gutus
869 2647 945 2695 uero
960 2625 1107 2719 temporis
1119 2625 1216 2718 spatii

94 2766 243 2836 mondum
268 2780 385 2862 quartu
410 2767 518 2837 adhuc
543 2766 653 2858 elapsa
680 2779 842 2860 estpars,
879 2767 959 2860 quin
987 2789 1029 2837 erc
1053 2765 1218 2858 sinpuIari

95 2906 472 2979 librommincremento
497 2908 704 2990 accessesit,
732 2930 850 2978 nouum
876 2909 935 2979 itae
961 2909 1214 2982 eoooameuuu

94 3048 224 3119 duobus
243 3047 409 3141 prioribus
431 3047 648 3119 uoluminibus
677 3045 825 3138 adjicere.

149 3189 248 3274 Quod
282 3188 410 3283 quidem
446 3189 476 3260 si
506 3189 626 3261 iactum
654 3189 846 3261 salutaveris
873 3190 1035 3286 effectum,
1074 3213 1212 3262 comme·

94 3331 252 3403 morandi
284 3331 432 3424 inprimis
466 3331 631 3415 uidentur,
670 3332 728 3425 qui
766 3331 815 3402 rei
842 3333 972 3401 omnino
998 3333 1212 3404 instituendae

97 3497 170 3546 nere
202 3474 388 3544 exstiterunt
412 3485 576 3554 auctores,
604 3513 653 3527 -
679 3473 896 3552 Maecenates,
932 3473 1029 3543 iidem
1055 3475 1214 3545 honoram

99 3614 307 3708 amplitudine
330 3617 486 3696 colentes,
512 3617 731 3686 Moderatores
754 3615 938 3687 societatum
954 3617 1112 3708 inpenuas
1130 3633 1214 3688 artes

98 3754 286 3836 colentium,
325 3756 532 3848 callepiorum
566 3757 710 3836 sodales,
752 3779 808 3826 nec
841 3757 947 3827 minus
968 3758 1091 3850 priuati
1116 3757 1216 3828 literis

97 3899 257 3988 forentes:
283 3919 421 3989 quorum
450 3895 593 3966 omnium
618 3896 807 3988 benipnitoti
830 3898 1066 3991 efficacissimae
1086 3898 1212 3969 Biblio-

100 4037 191 4109 nece
229 4037 466 4108 Dunentriensis
502 4043 593 4109 tanto
626 4037 750 4109 tantillo
785 4039 934 4131 temporis
970 4039 1073 4130 spatio
1107 4039 1215 4110 inere·

99 4191 208 4249 mento
232 4191 362 4269 accepta
385 4179 490 4272 refert·
516 4141 527 4174 ¹

149 4317 266 4400 Dona,
304 4340 404 4413 euque
429 4340 675 4413 nonnumquam
701 4319 795 4389 ualde
817 4319 978 4410 pretiosa,
1018 4319 1161 4412 undique
1187 4322 1217 4391 ei

101 4423 388 4561 amaricantem
412 4459 492 4535 curt
514 4482 644 4544 corum,
669 4460 727 4554 qui
738 4458 813 4530 nuic
826 4457 1030 4554 Respublicae
1036 4475 1215 4552 praesunt,

542 4825 652 4916 438
