2886 5402
243 415 278 467 η
755 428 854 447 --
1419 340 1421 478 l

242 641 342 714 quam
368 641 389 690 o
414 616 589 687 domesticis
613 615 814 711 caternisque
841 615 995 688 Institutis
1022 629 1051 687 et
1074 615 1230 688 sodalitiis
1244 619 1366 689 erudi·

103 853 106 858 ¹
242 774 359 831 torum.
392 738 447 831 Vel
483 761 625 852 Moquae
660 757 861 829 Brittanniae
881 757 1140 829 Gubernatorem
1161 758 1364 831 Bibliotheca

243 915 354 972 nostro
377 915 510 994 experto
534 914 577 971 est
603 901 843 981 liberalitatem,
870 899 985 992 quippe
1010 922 1092 994 quae
1118 913 1236 971 ornam
1261 900 1301 972 sit
1332 914 1366 970 et

243 1041 433 1133 locupletato
452 1040 637 1133 praeclaris
662 1041 703 1110 ab
728 1040 767 1109 iis
791 1039 989 1110 muneribus.
1422 963 1425 1092 h

296 1181 459 1263 aecum,
505 1179 752 1275 quotiescunque
799 1180 924 1251 ratione
966 1180 1077 1250 habita
1113 1179 1366 1273 disciplinarum
1425 1120 1426 1196 h

244 1321 462 1414 commodique
507 1299 634 1413 publici
677 1342 694 1391 e
738 1342 775 1391 re
824 1319 962 1392 librarii
1010 1321 1188 1393 desiderari
1234 1320 1368 1414 aliquid
1426 1276 1427 1366 h

243 1461 423 1544 videretur,
462 1484 641 1555 numquam
675 1483 742 1532 non
764 1483 917 1554 praesens
942 1461 1048 1554 adsuit
1071 1460 1227 1533 Athenaei
1253 1461 1365 1532 Cura·

245 1616 351 1674 mum
388 1600 591 1672 Praesidium
623 1601 819 1696 cicitahsque
854 1615 982 1672 nostrae
1007 1601 1144 1672 Senatus
1167 1600 1366 1683 liberalius,

244 1742 418 1838 quotannis
442 1763 484 1813 cc
509 1763 583 1814 uere
605 1741 753 1835 publico,
778 1763 842 1836 quo
870 1722 1065 1814 Bibliotheca
1086 1741 1365 1837 amplificaretur,

245 1879 514 1976 atlp‘udicantium.
1083 1947 1090 1966 ,
1430 1900 1431 1984 q

296 2024 389 2110 Quae
425 2024 555 2096 tandem
593 2021 750 2126 librarum
789 2021 957 2094 cumulus
994 2022 1221 2116 accessisque
1246 2023 1365 2094 nulius
1431 2056 1432 2108 t

244 2165 321 2237 usui
346 2164 474 2258 publico
500 2163 816 2244 accommodaretur,
853 2185 963 2234 conam
987 2163 1149 2236 instituere
1174 2165 1363 2258 cotahqusn
1432 2211 1433 2234 2

245 2304 501 2378 autrannus
524 2304 605 2376 mihi
625 2304 692 2398 suit
717 2305 957 2376 demandatum.
1006 2307 1201 2388 damona,
1229 2307 1365 2379 -etsi
1433 2368 1434 2388 ,

245 2440 400 2517 recentior
457 2444 711 2538 biblioqraphiae
763 2444 935 2537 disciplina
987 2445 1079 2518 haud
1128 2446 1279 2519 utana
1317 2448 1363 2520 ab

244 2587 392 2659 universo
429 2585 465 2687 in
501 2608 696 2682 quacunque
731 2585 936 2658 scicntionsm
978 2586 1160 2682 artiumque
1189 2587 1363 2680 prmincid

241 2749 415 2822 peoqrnsu
447 2740 622 2821 perpetuo,
662 2726 797 2822 ideaque
833 2728 1056 2821 catalaqorum
1091 2728 1362 2806 imtitaendantns

243 2868 442 2962 probabilior
480 2881 524 2939 est
559 2881 686 2960 reperta
720 2868 906 2950 methodus,
943 2869 1170 2953 nihilominus,
1209 2884 1246 2943 ut
1270 2891 1362 2942 anna

243 3009 353 3092 libb,
389 3010 437 3082 ita
471 3031 558 3080 nnnc
591 3009 659 3103 qud
682 3009 808 3082 rodone
832 3032 901 3081 rcrn
927 3023 1100 3082 tractarem
1121 3009 1202 3082 mihi
1227 3011 1361 3083 omnino

244 3166 312 3222 erat
346 3149 562 3246 praefinitum.
616 3151 793 3244 Praeceptis
822 3151 872 3222 uti
894 3150 1078 3222 recentioris
1105 3151 1362 3244 biblioqraphiac

244 3291 430 3387 discplinoe
467 3292 496 3362 si
532 3291 719 3374 voluissem,
757 3291 882 3364 tertiam
913 3291 1001 3363 hanc
1024 3305 1149 3386 portent
1177 3291 1361 3364 exhiberem

222 3431 405 3516 redactam
440 3433 486 3504 ad
515 3454 682 3514 mimam,
724 3454 746 3504 a
779 3432 907 3504 duabus
929 3431 1095 3526 prioribus
1113 3432 1215 3527 plane
1240 3433 1361 3504 discre-

241 3588 383 3667 pantem·
423 3573 528 3644 Totius
555 3573 663 3668 itaque
686 3573 890 3646 bibliothecae
903 3574 1065 3666 dispositio
1079 3573 1143 3644 misi
1155 3574 1361 3656 turbaretur,

247 3715 287 3786 ab
315 3715 438 3806 inteqro
466 3713 655 3785 ordinanda
678 3714 753 3805 fuit·
807 3712 916 3800 Quam
939 3715 1068 3808 quidem
1094 3713 1362 3787 instaurationem

246 3855 425 3952 upside
465 3868 537 3948 apte
578 3855 697 3949 suscipi
727 3877 841 3949 passe,
890 3868 928 3926 ut
963 3854 999 3925 in
1036 3855 1115 3927 cotis
1151 3854 1271 3939 habea,
1315 3855 1362 3928 ita

245 3996 351 4091 odhuo
385 4010 493 4068 tamen
532 4017 601 4066 rcrn
638 4017 769 4067 manue
804 3994 962 4088 inteqram
985 4017 1120 4087 praestes
1146 4009 1266 4067 nuens
1286 3996 1361 4089 pta

244 4137 419 4210 nnuma
453 4136 554 4230 iqitur
580 4137 641 4209 hac
665 4135 701 4207 in
727 4158 764 4207 re
785 4157 931 4229 manue
955 4136 1099 4208 suniam
1122 4136 1159 4206 in
1177 4135 1363 4228 praescntib

244 4280 348 4352 solunt
367 4277 448 4349 nubi
467 4277 625 4360 restabat,
645 4276 784 4368 paulum
804 4289 929 4349 matun
949 4276 990 4349 ab
1016 4275 1056 4349 eb
1067 4276 1254 4361 discedenti,
1275 4277 1364 4370 quod

244 4419 379 4492 nomina
401 4418 560 4492 editorum
585 4441 681 4490 mum
706 4418 820 4514 cuiqtse
846 4419 939 4516 titula
962 4417 1148 4513 scriptisque
1171 4414 1361 4510 adjicerem,
